<?xml version="1.0" encoding="UTF-8"?><record xmlns="http://www.loc.gov/MARC21/slim" xmlns:cinclude="http://apache.org/cocoon/include/1.0" xmlns:zs="http://www.loc.gov/zing/srw/">
  <leader>00587cz  a2200157n  4500</leader>
  <controlfield tag="001">n 2009024935</controlfield>
  <controlfield tag="003">DLC</controlfield>
  <controlfield tag="005">20121116075056.0</controlfield>
  <controlfield tag="008">090422n| acannaabn          |b aaa      </controlfield>
  <datafield tag="010" ind1=" " ind2=" ">
    <subfield code="a">n 2009024935</subfield>
  </datafield>
  <datafield tag="035" ind1=" " ind2=" ">
    <subfield code="a">(Uk)007429232</subfield>
  </datafield>
  <datafield tag="040" ind1=" " ind2=" ">
    <subfield code="a">DLC</subfield>
    <subfield code="b">eng</subfield>
    <subfield code="c">DLC</subfield>
    <subfield code="d">Uk</subfield>
  </datafield>
  <datafield tag="100" ind1="1" ind2=" ">
    <subfield code="a">Pak, Sang-p'yo</subfield>
  </datafield>
  <datafield tag="400" ind1="1" ind2=" ">
    <subfield code="a">박 상표</subfield>
  </datafield>
  <datafield tag="667" ind1=" " ind2=" ">
    <subfield code="a">Non-Latin script reference not evaluated</subfield>
  </datafield>
  <datafield tag="670" ind1=" " ind2=" ">
    <subfield code="a">Pak, Sang-pʻyo. Chosŏn ŭi kwahak kisul, 2008:</subfield>
    <subfield code="b">t.p. (Pak Sang-pʻyo = 박 상표) ft. flap (grad., Sŏul Taehakkyo Suŭi Hakkwa; kihoek chamun wiwŏn, Kyŏngsiryŏn Munhwa yŏksa kihaeng; imsang suuisa)</subfield>
  </datafield>
</record>